<collection xmlns="http://www.loc.gov/MARC21/slim">
<record>
  <leader>00815nam0a22001931i 450 </leader>
  <controlfield tag="001">IT\ICCU\CNCE\057460</controlfield>
  <controlfield tag="005">20040415000000.0</controlfield>
  <datafield tag="100" ind1=" " ind2=" ">
    <subfield code="a">20040415d1551        0itac0103    ba</subfield>
  </datafield>
  <datafield tag="101" ind1=" " ind2=" ">
    <subfield code="a">ITA</subfield>
  </datafield>
  <datafield tag="102" ind1=" " ind2=" ">
    <subfield code="a">IT</subfield>
  </datafield>
  <datafield tag="200" ind1="1" ind2=" ">
    <subfield code="a">Bandi del reuerendissimo, et illustrissimo monsignore, il signor cardinale di San Giorgio della prouintia di Romagna et Essarcato di Rauenna legato de latere</subfield>
  </datafield>
  <datafield tag="210" ind1=" " ind2=" ">
    <subfield code="e">Stampato in Cesena</subfield>
    <subfield code="g">per Constantino Rauerio del.</subfield>
    <subfield code="h">1551 adi 11 di Maggio</subfield>
  </datafield>
  <datafield tag="215" ind1=" " ind2=" ">
    <subfield code="a">\12! c.</subfield>
    <subfield code="d">fol</subfield>
  </datafield>
  <datafield tag="620" ind1=" " ind2=" ">
    <subfield code="a">IT</subfield>
    <subfield code="d">Cesena</subfield>
  </datafield>
  <datafield tag="700" ind1=" " ind2="1">
    <subfield code="a">Capodiferro,</subfield>
    <subfield code="b">Girolamo</subfield>
    <subfield code="3">IT\ICCU\CNCA\017517</subfield>
  </datafield>
  <datafield tag="712" ind1="0" ind2="0">
    <subfield code="a">Raverio, Costantino</subfield>
    <subfield code="3">IT\ICCU\CNCT\002295</subfield>
    <subfield code="4">650</subfield>
  </datafield>
  <datafield tag="791" ind1="0" ind2="0">
    <subfield code="a">Ravere, Costantino di</subfield>
    <subfield code="3">IT\ICCU\CNCT\005323</subfield>
    <subfield code="z">Raverio, Costantino</subfield>
  </datafield>
  <datafield tag="791" ind1="0" ind2="0">
    <subfield code="a">Raverius, Constantinus</subfield>
    <subfield code="3">IT\ICCU\CNCT\005324</subfield>
    <subfield code="z">Raverio, Costantino</subfield>
  </datafield>
  <datafield tag="801" ind1=" " ind2="3">
    <subfield code="a">IT</subfield>
    <subfield code="b">ICCU</subfield>
    <subfield code="c">20201115</subfield>
  </datafield>
</record>
</collection>
